@article{chen1976entity,
  title={The entity-relationship model—toward a unified view of data},
  author={Chen, Peter Pin-Shan},
  journal={ACM Transactions on Database Systems (TODS)},
  volume={1},
  number={1},
  pages={9--36},
  year={1976},
  publisher={ACM}
}
@book{espanola2010ortografia,
  title={Ortograf{\'\i}a de la lengua espa{\~n}ola},
  author={Real Academia Espa{\~n}ola},
  year={2010},
  publisher={Espasa}
}
@techreport{ieee1998std830,
  title={{IEEE Std-830: Recommended Practice for Software Requirements Specifications}},
  author={IEEE Computer Society. Software Engineering Standards Committee and IEEE-SA Standards Board},
  year={1998},
  organization={{Institute of Electrical and Electronics Engineers}},
  institution={IEEE}
}
@techreport{iso2011systems25010,
  title={{ISO/IEC 25010:2011 - Systems and software Quality Requirements and Evaluation (SQuaRE)}},
  author = {{International Organization for Standardization}},
  type={ISO/IEC},
  number={25010},
  year={2011},
  institution={ISO/IEC}
}
@book{komputer2010shortcourse,
  title={ShortCourse Series: SQL Server 2008 Express},
  author={Komputer, Wahana},
  year={2010},
  publisher={Penerbit Andi}
}
@article{purchase2004comprehension,
  title={Comprehension of diagram syntax: an empirical study of entity relationship notations},
  author={Purchase, Helen C and Welland, Ray and McGill, Matthew and Colpoys, Linda},
  journal={International Journal of Human-Computer Studies},
  volume={61},
  number={2},
  pages={187--203},
  year={2004},
  publisher={Elsevier}
}
@misc{rae2016diccionario,
  title={Diccionario de la Lengua Española},
  author={Real Academia Española},
  year={2016},
  publisher={Real Academia Española},
  howpublished = {\url{http://rae.es}},
  note={Accedido: 2016-07-10}
}
@book{real2005diccionario,
  title={Real Academia Española},
  author={Real Academia Espa{\~n}ola y Asociaci{\'o}n de Academias de la Lengua Espa{\~n}ola},
  year={2005},
  publisher={Santillana Ediciones Generales}
}
@article{simonyi1999hungarian,
  title={Hungarian notation},
  author={Simonyi, Charles},
  journal={MSDN Library, November},
  year={1999}
}
@article{song1995comparative,
  title={A comparative analysis of entity-relationship diagrams},
  author={Song, Il-Yeol and Evans, Mary and Park, Eun K},
  journal={Journal of Computer and Software Engineering},
  volume={3},
  number={4},
  pages={427--459},
  year={1995}
}
@misc{teensafe2016,
  title={TeenSafe \textregistered\ },
  author={TeenSafe \textregistered\ Inc.},
  year={2016},
  howpublished = {\url{http://www.teensafe.com/es/}},
  note={Accedido: 2016-07-15}
}
@misc{wiki2012pascal,
  author = "Wikipedia",
  title = "Pascal Casing",
  year = "2012",
  howpublished = {\url{https://es.wikipedia.org/w/index.php?title=Pascal_Casing&oldid=60127173}}, 
  note = "Accedido: 2016-08-02"
}